@article{DBLP:journals/corr/VaswaniSPUJGKP17,
  author    = {Ashish Vaswani and
               Noam Shazeer and
               Niki Parmar and
               Jakob Uszkoreit and
               Llion Jones and
               Aidan N. Gomez and
               Lukasz Kaiser and
               Illia Polosukhin},
  title     = {Attention Is All You Need},
  journal   = {CoRR},
  volume    = {abs/1706.03762},
  year      = {2017},
  url       = {http://arxiv.org/abs/1706.03762},
  archivePrefix = {arXiv},
  eprint    = {1706.03762},
  timestamp = {Mon, 13 Aug 2018 16:48:37 +0200},
  biburl    = {https://dblp.org/rec/journals/corr/VaswaniSPUJGKP17.bib},
  bibsource = {dblp computer science bibliography, https://dblp.org}
}

@article{DBLP:journals/corr/abs-1711-07971,
  author    = {Xiaolong Wang and
               Ross B. Girshick and
               Abhinav Gupta and
               Kaiming He},
  title     = {Non-local Neural Networks},
  journal   = {CoRR},
  volume    = {abs/1711.07971},
  year      = {2017},
  url       = {http://arxiv.org/abs/1711.07971},
  archivePrefix = {arXiv},
  eprint    = {1711.07971},
  timestamp = {Fri, 05 Apr 2019 07:29:46 +0200},
  biburl    = {https://dblp.org/rec/journals/corr/abs-1711-07971.bib},
  bibsource = {dblp computer science bibliography, https://dblp.org}
}


@article{DBLP:journals/corr/abs-1904-11491,
  author    = {Han Hu and
               Zheng Zhang and
               Zhenda Xie and
               Stephen Lin},
  title     = {Local Relation Networks for Image Recognition},
  journal   = {CoRR},
  volume    = {abs/1904.11491},
  year      = {2019},
  url       = {http://arxiv.org/abs/1904.11491},
  archivePrefix = {arXiv},
  eprint    = {1904.11491},
  timestamp = {Thu, 02 May 2019 15:13:44 +0200},
  biburl    = {https://dblp.org/rec/journals/corr/abs-1904-11491.bib},
  bibsource = {dblp computer science bibliography, https://dblp.org}
}

@article{DBLP:journals/corr/LuongPM15,
  author    = {Minh{-}Thang Luong and
               Hieu Pham and
               Christopher D. Manning},
  title     = {Effective Approaches to Attention-based Neural Machine Translation},
  journal   = {CoRR},
  volume    = {abs/1508.04025},
  year      = {2015},
  url       = {http://arxiv.org/abs/1508.04025},
  archivePrefix = {arXiv},
  eprint    = {1508.04025},
  timestamp = {Mon, 13 Aug 2018 16:46:14 +0200},
  biburl    = {https://dblp.org/rec/journals/corr/LuongPM15.bib},
  bibsource = {dblp computer science bibliography, https://dblp.org}
}

@ARTICLE{2020arXiv200703815H,
       author = {{Hu}, Ping and {Perazzi}, Federico and {Caba Heilbron}, Fabian and
         {Wang}, Oliver and {Lin}, Zhe and {Saenko}, Kate and {Sclaroff}, Stan},
        title = "{Real-time Semantic Segmentation with Fast Attention}",
      journal = {arXiv e-prints},
     keywords = {Computer Science - Computer Vision and Pattern Recognition, Computer Science - Multimedia, Computer Science - Robotics},
         year = 2020,
        month = jul,
          eid = {arXiv:2007.03815},
        pages = {arXiv:2007.03815},
archivePrefix = {arXiv},
       eprint = {2007.03815},
 primaryClass = {cs.CV},
       adsurl = {https://ui.adsabs.harvard.edu/abs/2020arXiv200703815H},
      adsnote = {Provided by the SAO/NASA Astrophysics Data System}
}

@article{DBLP:journals/corr/HeZRS15,
  author    = {Kaiming He and
               Xiangyu Zhang and
               Shaoqing Ren and
               Jian Sun},
  title     = {Deep Residual Learning for Image Recognition},
  journal   = {CoRR},
  volume    = {abs/1512.03385},
  year      = {2015},
  url       = {http://arxiv.org/abs/1512.03385},
  archivePrefix = {arXiv},
  eprint    = {1512.03385},
  timestamp = {Wed, 17 Apr 2019 17:23:45 +0200},
  biburl    = {https://dblp.org/rec/journals/corr/HeZRS15.bib},
  bibsource = {dblp computer science bibliography, https://dblp.org}
}
